@article{GaSbTemp,
    title = {{Evaluation of the two-photon absorption characteristics of GaSb/GaAs quantum rings}},
    year = {2014},
    journal = {Journal of Applied Physics},
    author = {Wagener, M. C. and Carrington, P. J. and Botha, J. R. and Krier, A.},
    number = {4},
    month = {7},
    pages = {044304},
    volume = {116},
    publisher = {American Institute of PhysicsAIP},
    url = {http://aip.scitation.org/doi/10.1063/1.4891223},
    doi = {10.1063/1.4891223},
    issn = {0021-8979},
    keywords = {III-V semiconductors, gallium arsenide, gallium compounds, photoemission, solar cells, two-photon spectra}
}

@article{GaAsTemp,
    title = {{Temperature- and wavelength-dependent two-photon and free-carrier absorption in GaAs, InP, GaInAs, and InAsP}},
    year = {2011},
    journal = {Journal of Applied Physics},
    author = {Krishnamurthy, Srini and Yu, Zhi Gang and Gonzalez, Leonel P. and Guha, Shekhar},
    number = {3},
    month = {2},
    pages = {033102},
    volume = {109},
    publisher = {American Institute of PhysicsAIP},
    url = {http://aip.scitation.org/doi/10.1063/1.3533775},
    doi = {10.1063/1.3533775},
    issn = {0021-8979},
    keywords = {III-V semiconductors, absorption coefficients, energy gap, excited states, gallium arsenide, indium compounds, two-photon spectra}
}

@article{Huwyler20233-WReflector,
    title = {{3-W output power from a 2-µm InGaSb VECSEL using a hybrid metal-semiconductor Bragg reflector}},
    year = {2023},
    journal = {Optical Materials Express},
    author = {Huwyler, Nicolas and Gaulke, Marco and Heidrich, Jonas and Golling, Matthias and Barh, Ajanta and Keller, Ursula},
    number = {3},
    month = {3},
    pages = {833},
    volume = {13},
    url = {https://opg.optica.org/abstract.cfm?URI=ome-13-3-833},
    doi = {10.1364/OME.485694},
    issn = {2159-3930}
}

@article{Alaydin2022BandgapRange,
    title = {{Bandgap engineering, monolithic growth, and operation parameters of GaSb-based SESAMs in the 2–2.4 µm range}},
    year = {2022},
    journal = {Optical Materials Express},
    author = {Alaydin, B. Özgür and Gaulke, Marco and Heidrich, Jonas and Golling, Matthias and Barh, Ajanta and Keller, Ursula},
    number = {6},
    month = {6},
    pages = {2382},
    volume = {12},
    url = {https://opg.optica.org/abstract.cfm?URI=ome-12-6-2382},
    doi = {10.1364/OME.459232},
    issn = {2159-3930}
}

@article{Heidrich2021FullRegime,
    title = {{Full optical SESAM characterization methods in the 1.9 to 3-µm wavelength regime}},
    year = {2021},
    journal = {Optics Express},
    author = {Heidrich, Jonas and Gaulke, Marco and Alaydin, Behcet Ozgur and Golling, Matthias and Barh, Ajanta and Keller, Ursula},
    number = {5},
    month = {3},
    pages = {6647},
    volume = {29},
    url = {https://opg.optica.org/abstract.cfm?URI=oe-29-5-6647},
    doi = {10.1364/OE.418336},
    issn = {1094-4087}
}

@article{Gaulke2021HighCharacterization,
    title = {{High average output power from a backside-cooled 2-µm InGaSb VECSEL with full gain characterization}},
    year = {2021},
    journal = {Optics Express},
    author = {Gaulke, Marco and Heidrich, Jonas and {\"{O}}zg{\"{u}}r Alaydin, B. and Golling, Matthias and Barh, Ajanta and Keller, Ursula},
    number = {24},
    month = {11},
    pages = {40360},
    volume = {29},
    url = {https://opg.optica.org/abstract.cfm?URI=oe-29-24-40360},
    doi = {10.1364/OE.438157},
    issn = {1094-4087}
}

@article{Haiml2004OpticalAbsorbers,
    title = {{Optical characterization of semiconductor saturable absorbers}},
    year = {2004},
    journal = {Applied Physics B},
    author = {Haiml, M. and Grange, R. and Keller, U.},
    number = {3},
    month = {8},
    pages = {331--339},
    volume = {79},
    url = {http://link.springer.com/10.1007/s00340-004-1535-1},
    doi = {10.1007/s00340-004-1535-1},
    issn = {0946-2171}
}

@article{Haiml2004OpticalAbsorbersb,
    title = {{Optical characterization of semiconductor saturable absorbers}},
    year = {2004},
    journal = {Applied Physics B},
    author = {Haiml, M. and Grange, R. and Keller, U.},
    number = {3},
    month = {8},
    pages = {331--339},
    volume = {79},
    doi = {10.1007/s00340-004-1535-1},
    issn = {0946-2171}
}

@article{Alfieri2017OpticalLasers,
    title = {{Optical efficiency and gain dynamics of modelocked semiconductor disk lasers}},
    year = {2017},
    journal = {Optics Express},
    author = {Alfieri, C. G. E. and Waldburger, D. and Link, S. M. and Gini, E. and Golling, M. and Eisenstein, G. and Keller, U.},
    number = {6},
    month = {3},
    pages = {6402},
    volume = {25},
    url = {https://opg.optica.org/abstract.cfm?URI=oe-25-6-6402},
    doi = {10.1364/OE.25.006402},
    issn = {1094-4087}
}

@article{Mangold2012VECSELCharacterization,
    title = {{VECSEL gain characterization}},
    year = {2012},
    journal = {Optics Express},
    author = {Mangold, Mario and Wittwer, Valentin J. and Sieber, Oliver D. and Hoffmann, Martin and Krestnikov, Igor L. and Livshits, Daniil A. and Golling, Matthias and S{\"{u}}dmeyer, Thomas and Keller, Ursula},
    number = {4},
    month = {2},
    pages = {4136},
    volume = {20},
    url = {https://opg.optica.org/oe/abstract.cfm?uri=oe-20-4-4136},
    doi = {10.1364/OE.20.004136},
    issn = {1094-4087}
}